% @article{escobedo2017optimizacion,
%   title={Optimizaci{\'o}n del Sistema ɸ-OTDR, mediante el desarrollo de una fuente de luz coherente especial y la selecci{\'o}n de fibras {\'o}pticas sensibles.},
%   author={ESCOBEDO, JOSE LUIS BUENO},
%   year={2017}
% }


% @book{latexcompanion,
%     author    = "Michel Goossens and Frank Mittelbach and Alexander Samarin",
%     title     = "The \LaTeX\ Companion",
%     year      = "1993",
%     publisher = "Addison-Wesley",
%     address   = "Reading, Massachusetts"
% }


% @book{latexcompanion,
%     author    = "Michel Goossens and Frank Mittelbach and Alexander Samarin",
%     title     = "The \LaTeX\ Companion",
%     year      = "1993",
%     publisher = "Addison-Wesley",
%     address   = "Reading, Massachusetts"
% }

% @book{latexcompanion,
%     author    = "Michel Goossens and Frank Mittelbach and Alexander Samarin",
%     title     = "The \LaTeX\ Companion",
%     year      = "1993",
%     publisher = "Addison-Wesley",
%     address   = "Reading, Massachusetts"
% }

@electronic{yt7,
  author        = "{LIENDRO, Tomás}",
  title         = "Task \& Motion Planning - Misión Extra: 2",
  howpublished  = "[YouTube video]",
  year          = "2020",
  month         = "May 30 ",
  url           = "https://www.youtube.com/watch?v=lBJbQ-dieI0\&list=PLHieTaAXTp06rWJa5CshBJS-w243lsJwK\&index=7",
  note          = "Accedido el Jun. 3, 2020",
}
